@article{Thompson,
 author = {Thompson, Ken},
 title = {Reflections on Trusting Trust},
 journal = {Commun. ACM},
 issue_date = {Aug 1984},
 volume = {27},
 number = {8},
 month = aug,
 year = {1984},
 issn = {0001-0782},
 pages = {761--763},
 numpages = {3},
 url = {http://doi.acm.org/10.1145/358198.358210},
 doi = {10.1145/358198.358210},
 acmid = {358210},
 publisher = {ACM},
 address = {New York, NY, USA},
} 

@article{Lampson,
 author = {Lampson, Butler W.},
 title = {A Note on the Confinement Problem},
 journal = {Commun. ACM},
 issue_date = {Oct. 1973},
 volume = {16},
 number = {10},
 month = oct,
 year = {1973},
 issn = {0001-0782},
 pages = {613--615},
 numpages = {3},
 url = {http://doi.acm.org/10.1145/362375.362389},
 doi = {10.1145/362375.362389},
 acmid = {362389},
 publisher = {ACM},
 address = {New York, NY, USA},
 keywords = {confinement, leakage of data, privacy, proprietary program, protection, security},
} 


@incollection{Dijkstra1979,
 author = {Dijkstra, Edsger Wybe},
 title= {Programming Considered as a Human Activity},
 booktitle = {Classics in Software Engineering},
 editor = {Yourdon, Edward Nash},
 year = {1979},
 isbn = {0-917072-14-6},
 pages = {1--9},
 numpages = {9},
 url = {http://dl.acm.org/citation.cfm?id=1241515.1241516},
 acmid = {1241516},
 publisher = {Yourdon Press},
 address = {Upper Saddle River, NJ, USA},
} 

@inproceedings{computationalism,
  title={Is there any Real Substance to the Claims for a 'New Computationalism'?},
  author={Alberto Hern{\'a}ndez-Espinosa and Francisco Hern{\'a}ndez Quiroz and Hector Zenil},
  booktitle={CiE},
  year={2017}
}

@book{Dijkstra1997,
 author = {Dijkstra, Edsger Wybe},
 title = {A  Discipline of Programming},
 year = {1997},
 isbn = {013215871X},
 edition = {1st},
 publisher = {Prentice Hall PTR},
 address = {Upper Saddle River, NJ, USA},
} 

@article{hewitt2013,
  title={What is computation? Actor model versus turingâ€™s model},
  author={Carl Hewitt},
  journal={A Computable Universe, Understanding Computation and Exploring Nature as Computation. World Scientific Publishing Company/Imperial College Press, Singapore (2013)},
  year={2013}
}

@inproceedings{actor73,
  title={Session 8 Formalisms for Artificial Intelligence A Universal Modular ACTOR Formalism for Artificial Intelligence},
  author={Hewitt, Carl and Bishop, Peter and Steiger, Richard},
  booktitle={Advance Papers of the Conference},
  volume=3,
  pages=235,
  year=1973,
  organization={Stanford Research Institute}
}

@article{actor77,
  title={Viewing control structures as patterns of passing messages},
  author={Hewitt, Carl},
  journal={Artificial intelligence},
  volume=8,
  number=3,
  pages={323--364},
  year=1977,
  publisher={Elsevier}
}

@article{actor2014,
  title = {Actors Programming for the Mobile Cloud},
  author = {Gul A. Agha},
  journal = {2014 IEEE 13th International Symposium on Parallel and Distributed Computing},
  year = {2014},
  pages = {3-9}
}

@inproceedings{actor2011,
 author = {Ricci, Alessandro and Bordini, Rafael H. and Agha, Gul},
 title = {AGERE! (Actors and Agents Reloaded): Splash 2011 Workshop on Programming Systems, Languages and Applications Based on Actors, Agents and Decentralized Control},
 booktitle = {Proceedings of the ACM International Conference Companion on Object Oriented Programming Systems Languages and Applications Companion},
 series = {OOPSLA '11},
 year = {2011},
 isbn = {978-1-4503-0942-4},
 location = {Portland, Oregon, USA},
 pages = {325--326},
 numpages = {2},
 url = {http://doi.acm.org/10.1145/2048147.2048231},
 doi = {10.1145/2048147.2048231},
 acmid = {2048231},
 publisher = {ACM},
 address = {New York, NY, USA},
 keywords = {actor-oriented programming, agent-oriented programming},
} 

@inproceedings{Richardson2003,
 author = {Richardson, Matthew and Agrawal, Rakesh and Domingos, Pedro},
 title = {Trust Management for the Semantic Web},
 booktitle = {Proceedings of the Second International Conference on Semantic Web Conference},
 series = {LNCS-ISWC'03},
 year = {2003},
 isbn = {978-3-540-20362-9},
 location = {Sanibel Island, FL},
 pages = {351--368},
 numpages = {18},
 url = {http://dx.doi.org/10.1007/978-3-540-39718-2_23},
 doi = {10.1007/978-3-540-39718-2_23},
 acmid = {3000442},
 publisher = {Springer-Verlag},
 address = {Berlin, Heidelberg},
} 

@inproceedings{Huang2006,
  title={An ontology of trust: formal semantics and transitivity},
  author={Jingwei Huang and Mark S. Fox},
  booktitle={ICEC},
  year={2006}
}

@inproceedings{Beth1994,
 author = {Beth, Thomas and Borcherding, Malte and Klein, Birgit},
 title = {Valuation of Trust in Open Networks},
 booktitle = {Proceedings of the Third European Symposium on Research in Computer Security},
 series = {ESORICS '94},
 year = {1994},
 isbn = {3-540-58618-0},
 pages = {3--18},
 numpages = {16},
 url = {http://dl.acm.org/citation.cfm?id=646645.699041},
 acmid = {699041},
 publisher = {Springer-Verlag},
 address = {London, UK, UK},
} 

@ARTICLE{trustreputation, 
author={L. Liu and W. Shi}, 
journal={IEEE Internet Computing}, 
title={Trust and Reputation Management}, 
year={2010}, 
volume={14}, 
number={5}, 
pages={10-13}, 
keywords={Recommender systems;Social network services;Special issues and sections;Web and internet services;attack resilience;recommendations;reputation;social ratings;trust}, 
doi={10.1109/MIC.2010.124}, 
ISSN={1089-7801}, 
month={Sept},}

@article{trusttaxonomy,
 author = {Marti, Sergio and Garcia-Molina, Hector},
 title = {Taxonomy of Trust: Categorizing P2P Reputation Systems},
 journal = {Comput. Netw.},
 issue_date = {15 March 2006},
 volume = {50},
 number = {4},
 month = mar,
 year = {2006},
 issn = {1389-1286},
 pages = {472--484},
 numpages = {13},
 url = {http://dx.doi.org/10.1016/j.comnet.2005.07.011},
 doi = {10.1016/j.comnet.2005.07.011},
 acmid = {1139713},
 publisher = {Elsevier North-Holland, Inc.},
 address = {New York, NY, USA},
 keywords = {peer-to-peer, reputation, security, trust},
} 

@inproceedings{repcloud,
 author = {Ruan, Anbang and Martin, Andrew},
 title = {RepCloud: Achieving Fine-grained Cloud TCB Attestation with Reputation Systems},
 booktitle = {Proceedings of the Sixth ACM Workshop on Scalable Trusted Computing},
 series = {STC '11},
 year = {2011},
 isbn = {978-1-4503-1001-7},
 location = {Chicago, Illinois, USA},
 pages = {3--14},
 numpages = {12},
 url = {http://doi.acm.org/10.1145/2046582.2046586},
 doi = {10.1145/2046582.2046586},
 acmid = {2046586},
 publisher = {ACM},
 address = {New York, NY, USA},
 keywords = {remote attestation, reputation system, trusted cloud},
}

@inproceedings{eigentrust,
 author = {Kamvar, Sepandar D. and Schlosser, Mario T. and Garcia-Molina, Hector},
 title = {The Eigentrust Algorithm for Reputation Management in P2P Networks},
 booktitle = {Proceedings of the 12th International Conference on World Wide Web},
 series = {WWW '03},
 year = {2003},
 isbn = {1-58113-680-3},
 location = {Budapest, Hungary},
 pages = {640--651},
 numpages = {12},
 url = {http://doi.acm.org/10.1145/775152.775242},
 doi = {10.1145/775152.775242},
 acmid = {775242},
 publisher = {ACM},
 address = {New York, NY, USA},
 keywords = {distributed eigenvector computation, peer-to-peer, reputation},
}

@ARTICLE{formaltrustcalculus, 
author={J. Huang and D. Nicol}, 
journal={IEEE Internet Computing}, 
title={A Formal-Semantics-Based Calculus of Trust}, 
year={2010}, 
volume={14}, 
number={5}, 
pages={38-46}, 
keywords={Internet;data privacy;process algebra;public key cryptography;Internet-based distributed computing;decentralized public-key certification;formal semantic based calculus of trust;formal trust model;logic model;pretty good privacy system;trust decision-making;Calculus;Certification;Decision making;Dentistry;Grid computing;IP networks;Logic;Uncertainty;Web and internet services;Web services;semantics of trust;trust modeling;uncertainties in trust}, 
doi={10.1109/MIC.2010.83}, 
ISSN={1089-7801}, 
month={Sept},}

@article{Goldreich,
 author = {Goldreich, Oded},
 title = {Probabilistic Proof Systems: A Primer},
 journal = {Found. Trends Theor. Comput. Sci.},
 issue_date = {January 2008},
 volume = {3},
 number = {1},
 month = jan,
 year = {2008},
 issn = {1551-305X},
 pages = {1--91},
 numpages = {91},
 url = {http://dx.doi.org/10.1561/0400000023},
 doi = {10.1561/0400000023},
 acmid = {1454698},
 publisher = {Now Publishers Inc.},
 address = {Hanover, MA, USA},
} 

@article{Sudan,
 author = {Sudan, Madhu},
 title = {Probabilistically Checkable Proofs},
 journal = {Commun. ACM},
 issue_date = {March 2009},
 volume = {52},
 number = {3},
 month = mar,
 year = {2009},
 issn = {0001-0782},
 pages = {76--84},
 numpages = {9},
 url = {http://doi.acm.org/10.1145/1467247.1467267},
 doi = {10.1145/1467247.1467267},
 acmid = {1467267},
 publisher = {ACM},
 address = {New York, NY, USA},
} 

@article{Walfish,
 author = {Walfish, Michael and Blumberg, Andrew J.},
 title = {Verifying Computations Without Reexecuting Them},
 journal = {Commun. ACM},
 issue_date = {February 2015},
 volume = {58},
 number = {2},
 month = jan,
 year = {2015},
 issn = {0001-0782},
 pages = {74--84},
 numpages = {11},
 url = {http://doi.acm.org/10.1145/2641562},
 doi = {10.1145/2641562},
 acmid = {2641562},
 publisher = {ACM},
 address = {New York, NY, USA},
} 

@inproceedings{Gentry,
 author = {Gentry, Craig},
 title = {Fully Homomorphic Encryption Using Ideal Lattices},
 booktitle = {Proceedings of the Forty-first Annual ACM Symposium on Theory of Computing},
 series = {STOC '09},
 year = {2009},
 isbn = {978-1-60558-506-2},
 location = {Bethesda, MD, USA},
 pages = {169--178},
 numpages = {10},
 url = {http://doi.acm.org/10.1145/1536414.1536440},
 doi = {10.1145/1536414.1536440},
 acmid = {1536440},
 publisher = {ACM},
 address = {New York, NY, USA},
 keywords = {fully homomorphic encryption},
} 

@book{Tanenbaum2006,
 author = {Tanenbaum, Andrew S. and Steen, Maarten van},
 title = {Distributed Systems: Principles and Paradigms (2Nd Edition)},
 year = 2006,
 isbn = 0132392275,
 publisher = {Prentice-Hall, Inc.},
 address = {Upper Saddle River, NJ, USA},
}

@Article{sgx,
     author    = "Costan, Victor and Devadas, Srinivas",
     title     = "{Intel SGX Explained}",
     journal   = "Crypt. Report",
     year      = "2016",
     eprint        = "ia.cr/2016/086"
}

@techreport{VTPA,
 author = {TCG},
 Institution = {Trusted Computing Group},
 address = {Beavertion, OR, USA},
 Title = {Virtualized Trusted Platform Architecture Specification},
 number = {v1r26:2011},
 Type = {TCG},
 Year = {2011}
}


@techreport{ISOTPM,
 author = {ISO},
 Institution = {International Organization for Standardization},
 address = {Geneva, Switzerland},
 Title = {Trusted Platform Module Library},
 number = {ISO/IEC 11889-1:2015},
 Type = {ISO},
 Year = {2015}
}


@article{RA,
 author = {Coker, George and Guttman, Joshua and Loscocco, Peter and Herzog, Amy and Millen, Jonathan and Hanlon, Brian and Ramsdell, John and Segall, Ariel and Sheehy, Justin and Sniffen, Brian},
 title = {Principles of Remote Attestation},
 journal = {Int. J. Inf. Secur.},
 issue_date = {June 2011},
 volume = {10},
 number = {2},
 month = jun,
 year = {2011},
 issn = {1615-5262},
 pages = {63--81},
 numpages = {19},
 url = {http://dx.doi.org/10.1007/s10207-011-0124-7},
 doi = {10.1007/s10207-011-0124-7},
 acmid = {1989155},
 publisher = {Springer-Verlag},
 address = {Berlin, Heidelberg},
 keywords = {Cryptographic protocols, Hardware Security Modules, Operating system security architecture, Strand spaces},
} 

@inproceedings{bind,
 author = {Shi, Elaine and Perrig, Adrian and Doorn, Leendert Van},
 title = {BIND: A Fine-Grained Attestation Service for Secure Distributed Systems},
 booktitle = {Proceedings of the 2005 IEEE Symposium on Security and Privacy},
 series = {SP '05},
 year = {2005},
 isbn = {0-7695-2339-0},
 pages = {154--168},
 numpages = {15},
 url = {http://dx.doi.org/10.1109/SP.2005.4},
 doi = {10.1109/SP.2005.4},
 acmid = {1059388},
 publisher = {IEEE Computer Society},
 address = {Washington, DC, USA},
}

@INPROCEEDINGS{anubis, 
author={S. Buthpitiya and F. T. Sun and H. T. Cheng and P. Tague and M. Griss and A. K. Dey}, 
booktitle={2010 Sixth International Conference on Intelligent Sensors, Sensor Networks and Information Processing}, 
title={Anubis: An attestation protocol for distributed context-aware applications}, 
year={2010}, 
pages={251-256}, 
keywords={authorisation;cryptographic protocols;information retrieval;mobile computing;operating systems (computers);peer-to-peer computing;wireless sensor networks;Android Gl based application;Anubis protocol;access control;attestation protocol;confidential information extraction;distributed context-aware application;distributed sensing;private information extraction;remote code attestation;secure Web-browsing;sensitive context information sharing;wireless sensor networks;Authentication;Computational modeling;Context;Protocols;Public key;Servers}, 
doi={10.1109/ISSNIP.2010.5706749}, 
month={Dec},}

@ARTICLE{edge, 
author={W. Shi and J. Cao and Q. Zhang and Y. Li and L. Xu}, 
journal={IEEE Internet of Things Journal}, 
title={Edge Computing: Vision and Challenges}, 
year={2016}, 
volume={3}, 
number={5}, 
pages={637-646}, 
keywords={Internet of Things;cloud computing;data privacy;smart cities;Internet of Things;bandwidth cost saving;battery life constraint;cloud offloading;cloud services;data privacy;data processing;data safety;edge computing;response time requirement;smart city;smart home;Bandwidth;Cloud computing;Data privacy;Internet of things;Mobile handsets;Smart homes;Time factors;Edge computing;Internet of Things (IoT);smart home and city}, 
doi={10.1109/JIOT.2016.2579198}, 
ISSN={2327-4662}, 
month={Oct},}

@article{cloudview,
 author = {Armbrust, Michael and Fox, Armando and Griffith, Rean and Joseph, Anthony D. and Katz, Randy and Konwinski, Andy and Lee, Gunho and Patterson, David and Rabkin, Ariel and Stoica, Ion and Zaharia, Matei},
 title = {A View of Cloud Computing},
 journal = {Commun. ACM},
 issue_date = {April 2010},
 volume = {53},
 number = {4},
 month = apr,
 year = {2010},
 issn = {0001-0782},
 pages = {50--58},
 numpages = {9},
 url = {http://doi.acm.org/10.1145/1721654.1721672},
 doi = {10.1145/1721654.1721672},
 acmid = {1721672},
 publisher = {ACM},
 address = {New York, NY, USA},
}

% Fog Computing Papers

@inproceedings{fog,
 author = {Bonomi, Flavio and Milito, Rodolfo and Zhu, Jiang and Addepalli, Sateesh},
 title = {Fog Computing and Its Role in the Internet of Things},
 booktitle = {Proceedings of the First Edition of the MCC Workshop on Mobile Cloud Computing},
 series = {MCC '12},
 year = {2012},
 isbn = {978-1-4503-1519-7},
 location = {Helsinki, Finland},
 pages = {13--16},
 numpages = {4},
 url = {http://doi.acm.org/10.1145/2342509.2342513},
 doi = {10.1145/2342509.2342513},
 acmid = {2342513},
 publisher = {ACM},
 address = {New York, NY, USA},
 keywords = {analytics, cloud computing, fog computing, iot, real time systems, software defined networks, wsan},
}

@ARTICLE{fog1, 
author={M. Chiang and T. Zhang}, 
journal={IEEE Internet of Things Journal}, 
title={Fog and IoT: An Overview of Research Opportunities}, 
year={2016}, 
volume={3}, 
number={6}, 
pages={854-864}, 
keywords={5G mobile communication;5G wireless systems;Internet of Things;IoT;embedded artificial intelligence;fifth-generation wireless systems;fog computing;Cloud computing;Computer architecture;Hardware;Internet of things;Security;Edge computing;Internet of Things (IoT);edge networking;edge storage;fog;fog computing;fog control;fog networking;fog storage}, 
doi={10.1109/JIOT.2016.2584538}, 
ISSN={2327-4662}, 
month={Dec},
}

@inproceedings{fog2,
 author = {Yi, Shanhe and Li, Cheng and Li, Qun},
 title = {A Survey of Fog Computing: Concepts, Applications and Issues},
 booktitle = {Proceedings of the 2015 Workshop on Mobile Big Data},
 series = {Mobidata '15},
 year = {2015},
 isbn = {978-1-4503-3524-9},
 location = {Hangzhou, China},
 pages = {37--42},
 numpages = {6},
 url = {http://doi.acm.org/10.1145/2757384.2757397},
 doi = {10.1145/2757384.2757397},
 acmid = {2757397},
 publisher = {ACM},
 address = {New York, NY, USA},
 keywords = {cloud computing, edge computing, fog computing, mobile cloud computing, mobile edge computing, review},
}

@ARTICLE{virtiot, 
author={R. Morabito}, 
journal={IEEE Access}, 
title={Virtualization on Internet of Things Edge Devices With Container Technologies: A Performance Evaluation}, 
year={2017}, 
volume={5}, 
number={}, 
pages={8835-8850}, 
keywords={Internet of Things;computer network performance evaluation;virtualisation;Internet of Things edge devices;IoT;container-virtualized instances;device virtualization;edge scenarios;low-power devices;single-board computers;Cloud computing;Containers;Hardware;Logic gates;Performance evaluation;Virtualization;Internet of Things;container virtualization;docker;edge computing;performance evaluation}, 
doi={10.1109/ACCESS.2017.2704444}, 
ISSN={2169-3536}, 
month={},
}

@inproceedings{FuchsIPSJ2011,
  title={A formal notion of trust--enabling reasoning about security properties},
  author={Fuchs, Andreas and G{\"u}rgens, Sigrid and Rudolph, Carsten},
  booktitle={IFIP International Conference on Trust Management},
  pages={200--215},
  year={2010},
  organization={Springer}
}

@article{edgepromise,
author = {Weisong Shi and Schahram Dustdar},
title = {The Promise of Edge Computing},
journal = {Computer},
volume = {49},
number = {5},
issn = {0018-9162},
year = {2016},
pages = {78-81},
doi = {doi.ieeecomputersociety.org/10.1109/MC.2016.145},
publisher = {IEEE Computer Society},
address = {Los Alamitos, CA, USA},
}

@article{edge2,
 author = {Garcia Lopez, Pedro and Montresor, Alberto and Epema, Dick and Datta, Anwitaman and Higashino, Teruo and Iamnitchi, Adriana and Barcellos, Marinho and Felber, Pascal and Riviere, Etienne},
 title = {Edge-centric Computing: Vision and Challenges},
 journal = {SIGCOMM Comput. Commun. Rev.},
 issue_date = {October 2015},
 volume = {45},
 number = {5},
 month = sep,
 year = {2015},
 issn = {0146-4833},
 pages = {37--42},
 numpages = {6},
 url = {http://doi.acm.org/10.1145/2831347.2831354},
 doi = {10.1145/2831347.2831354},
 acmid = {2831354},
 publisher = {ACM},
 address = {New York, NY, USA},
 keywords = {cloud computing, decentralized systems, fog computing, peer-to-peer},
}

@INPROCEEDINGS{digitaltrust, 
author={R. N. Akram and R. K. L. Ko}, 
booktitle={2014 IEEE 13th International Conference on Trust, Security and Privacy in Computing and Communications}, 
title={Digital Trust - Trusted Computing and Beyond: A Position Paper}, 
year={2014}, 
volume={}, 
number={}, 
pages={884-892}, 
keywords={cloud computing;computer network security;data privacy;mobile computing;trusted computing;Internet;TPM specifications;cloud computing;cyberphysical systems;digital resource management;digital trust evolution;heterogeneous domains;interconnected networks;mobile computing;physical societal notions;secure computing;trusted computing;trusted platform module;Computer architecture;Computers;Engines;Mobile communication;Proposals;Security;Semantic Web;Cloud Computing;Cyber-Physical System;Embedded Devices;Provenance;Smart Cards;Trust;Trusted Computing}, 
doi={10.1109/TrustCom.2014.116}, 
ISSN={2324-898X}, 
month={Sept},}

@INPROCEEDINGS{iotsecurity, 
author={K. Zhao and L. Ge}, 
booktitle={2013 Ninth International Conference on Computational Intelligence and Security}, 
title={A Survey on the Internet of Things Security}, 
year={2013}, 
pages={663-667}, 
keywords={Internet of Things;access control;authorisation;computer architecture;computer network security;private key cryptography;routing protocols;sensor fusion;IoT security architecture;IoT security features;access control;authentication;data fusion technology;internet of things security;key algorithm;key management;perception layer;safety measures;security routing protocol;three-layer system structure;Authentication;Computer architecture;Internet;Protocols;Sensors;Wireless sensor networks;Internet of Things;Internet of Things Security;perception layer}, 
doi={10.1109/CIS.2013.145}, 
month={Dec},}

@INPROCEEDINGS{iotsecurity2, 
author={R. Mahmoud and T. Yousuf and F. Aloul and I. Zualkernan}, 
booktitle={2015 10th International Conference for Internet Technology and Secured Transactions (ICITST)}, 
title={Internet of things (IoT) security: Current status, challenges and prospective measures}, 
year={2015}, 
pages={336-341}, 
keywords={Internet of Things;computer network security;security of data;wireless LAN;Internet of Things security;IoT security;application layer;network layer;perception layer;three-layer architecture;Encryption;Internet;Protocols;Sensors;Transportation;Wireless sensor networks;Internet of things;IoT;Security}, 
doi={10.1109/ICITST.2015.7412116}, 
month={Dec},}

@inproceedings{ima,
  title={Design and Implementation of a TCG-based Integrity Measurement Architecture.},
  author={Sailer, Reiner and Zhang, Xiaolan and Jaeger, Trent and Van Doorn, Leendert},
  booktitle={USENIX Security Symposium},
  volume=13,
  pages={223--238},
  year=2004
}

@inproceedings{DAA,
 author = {Brickell, Ernie and Camenisch, Jan and Chen, Liqun},
 title = {Direct Anonymous Attestation},
 booktitle = {Proceedings of the 11th ACM Conference on Computer and Communications Security},
 series = {CCS '04},
 year = {2004},
 isbn = {1-58113-961-6},
 location = {Washington DC, USA},
 pages = {132--145},
 numpages = {14},
 url = {http://doi.acm.org/10.1145/1030083.1030103},
 doi = {10.1145/1030083.1030103},
 acmid = {1030103},
 publisher = {ACM},
 address = {New York, NY, USA},
 keywords = {anonymous credential systems, cryptographic protocols, integrity based computing, privacy, trusted computing},
} 

@inproceedings{seL4,
 author = {Klein, Gerwin and Elphinstone, Kevin and Heiser, Gernot and Andronick, June and Cock, David and Derrin, Philip and Elkaduwe, Dhammika and Engelhardt, Kai and Kolanski, Rafal and Norrish, Michael and Sewell, Thomas and Tuch, Harvey and Winwood, Simon},
 title = {seL4: Formal Verification of an OS Kernel},
 booktitle = {Proceedings of the ACM SIGOPS 22Nd Symposium on Operating Systems Principles},
 series = {SOSP '09},
 year = {2009},
 isbn = {978-1-60558-752-3},
 location = {Big Sky, Montana, USA},
 pages = {207--220},
 numpages = {14},
 url = {http://doi.acm.org/10.1145/1629575.1629596},
 doi = {10.1145/1629575.1629596},
 acmid = {1629596},
 publisher = {ACM},
 address = {New York, NY, USA},
 keywords = {isabelle/hol, l4, microkernel, sel4},
} 

@inproceedings{UCAS,
  title={User-Centered Attestation for Layered and Decentralized Systems},
  author={Lauer, H. and Salehi S., A. and Rudolph, C. and Nepal, S.},
  booktitle={Network and Distributed Systems Security (NDSS) Symposium 2018, Workshop on Decentralized IoT Security and Standards (DISS), 18-21 February 2018, San Diego, CA, USA},
  year=2018,
  organization={ISOC}
}

@inproceedings{lauer2016,
  title={Hypervisor-Based Attestation of Virtual Environments},
  author={Lauer, H. and Kuntze, N.},
  booktitle={Advanced and Trusted Computing (ATC), 2016 Intl IEEE Conferences},
  pages={333--340},
  year=2016,
  organization={IEEE}
}

@Inbook{Rowe2016,
author="Rowe, Paul D.",
editor="Franz, Michael
and Papadimitratos, Panos",
title="Bundling Evidence for Layered Attestation",
bookTitle="Trust and Trustworthy Computing: 9th International Conference, TRUST 2016, Vienna, Austria, August 29-30, 2016, Proceedings",
year="2016",
publisher="Springer International Publishing",
address="Cham",
pages="119--139",
isbn="978-3-319-45572-3",
doi="10.1007/978-3-319-45572-3_7",
url="http://dx.doi.org/10.1007/978-3-319-45572-3_7"
}

@Inbook{Xiu2005,
author="Xiu, Daoxi
and Liu, Zhaoyu",
editor="Zhou, Jianying
and Lopez, Javier
and Deng, Robert H.
and Bao, Feng",
title="A Formal Definition for Trust in Distributed Systems",
bookTitle="Information Security: 8th International Conference, ISC 2005, Singapore, September 20-23, 2005. Proceedings",
year="2005",
publisher="Springer Berlin Heidelberg",
address="Berlin, Heidelberg",
pages="482--489",
isbn="978-3-540-31930-6",
doi="10.1007/11556992_35",
url="http://dx.doi.org/10.1007/11556992_35"
}

@article{trustlambda,
 author = {Orbaek, P. and Palsberg, J.},
 title = {Trust in the Lambda-calculus},
 journal = {J. Funct. Program.},
 issue_date = {November 1997},
 volume = 7,
 number = 6,
 month = nov,
 year = 1997,
 issn = {0956-7968},
 pages = {557--591},
 numpages = 35,
 url = {http://dx.doi.org/10.1017/S0956796897002906},
 doi = {10.1017/S0956796897002906},
 acmid = 969881,
 publisher = {Cambridge University Press},
 address = {New York, NY, USA},
} 


@manual{tmi,
    organization  = "Trusted Computing Group",
    title         = "Trusted Multi-Tenant Infrastructure Reference Framework",
    number        = "v1.00",
    year          =  2013,
    month         = 12,
    note          = "Rev. 1"
}

@book{TCP,
 author = {Smith, Sean W.},
 title = {Trusted Computing Platforms: Design and Applications},
 year = {2004},
 isbn = {0387239162},
 publisher = {Springer-Verlag New York, Inc.},
 address = {Secaucus, NJ, USA},
}

@inproceedings{vtpm,
 author = {Berger, Stefan and C\'{a}ceres, Ram\'{o}n and Goldman, Kenneth A. and Perez, Ronald and Sailer, Reiner and van Doorn, Leendert},
 title = {vTPM: Virtualizing the Trusted Platform Module},
 booktitle = {Proceedings of the 15th Conference on USENIX Security Symposium - Volume 15},
 series = {USENIX-SS'06},
 year = {2006},
 location = {Vancouver, B.C., Canada},
 articleno = {21},
 url = {http://dl.acm.org/citation.cfm?id=1267336.1267357},
 acmid = {1267357},
 publisher = {USENIX Association},
 address = {Berkeley, CA, USA},
} 

@book{cryptobook,
  title={Handbook of applied cryptography},
  author={Menezes, Alfred J and Van Oorschot, Paul C and Vanstone, Scott A},
  year={1996},
  publisher={CRC press}
}

@article{thambiraja2012survey,
  title={A survey on various most common encryption techniques},
  author={Thambiraja, E and Ramesh, G and Umarani, Dr R},
  journal={International journal of advanced research in computer science and software engineering},
  volume={2},
  number={7},
  year={2012}
}

@article{rhul,
  title={Attestation in Trusted Computing: Challenges and Potential Solutions},
  author={Lee-Thorp, A},
  journal={Technical report Royal Holloway University of London},
  number={3},
  year={2010}
}

@article{BA,
  title = {Statistical mechanics of complex networks},
  author = {Albert, R\'eka and Barab\'asi, Albert-L\'aszl\'o},
  journal = {Rev. Mod. Phys.},
  volume = {74},
  issue = {1},
  pages = {47--97},
  numpages = {0},
  year = {2002},
  month = {Jan},
  publisher = {American Physical Society},
  doi = {10.1103/RevModPhys.74.47},
  url = {https://link.aps.org/doi/10.1103/RevModPhys.74.47}
}

@INPROCEEDINGS{AS, 
author={Qian Chen and Hyunseok Chang and R. Govindan and S. Jamin}, 
booktitle={Proceedings.Twenty-First Annual Joint Conference of the IEEE Computer and Communications Societies}, 
title={The origin of power laws in Internet topologies revisited}, 
year=2002, 
volume=2, 
pages={608-617 vol.2}, 
keywords={Internet;graph theory;network topology;protocols;statistical analysis;BGP;Internet connectivity;Internet topologies;border gateway protocol;dynamic graph models;inter autonomous system topology;power laws;vertex degree distribution;Engineering profession;IP networks;Internet;Network topology;Power engineering and energy;Power measurement;Power system modeling;Routing;Sun;Web server}, 
doi={10.1109/INFCOM.2002.1019306}, 
ISSN={0743-166X},}
